<?xml version="1.0" encoding="UTF-8"?><collection xmlns="http://www.loc.gov/MARC21/slim"><record><leader>00543nam--2200181-i-4500</leader><controlfield tag="001">000000984</controlfield><controlfield tag="002">20161230</controlfield><controlfield tag="005">20161230201024</controlfield><controlfield tag="008">060222s1000------------r-----000-0-fre-d</controlfield><datafield ind1=" " ind2=" " tag="040"><subfield code="a">IFIN-HH</subfield></datafield><datafield ind1=" " ind2=" " tag="041"><subfield code="a">fre</subfield></datafield><datafield ind1=" " ind2=" " tag="080"><subfield code="a">533.9.13:537.228.5(043)</subfield></datafield><datafield ind1="1" ind2=" " tag="100"><subfield code="a">Held, Bernard</subfield></datafield><datafield ind1="1" ind2="0" tag="245"><subfield code="a">Microchamp dans un plasma dense et calcul des profils stark emis par des ions fortmment charges</subfield><subfield code="b">These</subfield><subfield code="c">Bernard held</subfield></datafield><datafield ind1=" " ind2=" " tag="260"><subfield code="a">Orsay</subfield><subfield code="b">Universite De Paris-sud</subfield><subfield code="c">1981</subfield></datafield><datafield ind1=" " ind2=" " tag="300"><subfield code="a">XV + 210 P</subfield></datafield><datafield ind1=" " ind2=" " tag="852"><subfield code="a">71184</subfield><subfield code="c">533.9</subfield></datafield><datafield ind1=" " ind2=" " tag="CAT"><subfield code="a">Sys</subfield><subfield code="c">20110118</subfield><subfield code="h">152234</subfield></datafield></record></collection>